<?xml version="1.0" encoding="UTF-8"?><record xmlns="http://www.loc.gov/MARC21/slim" xmlns:cinclude="http://apache.org/cocoon/include/1.0" xmlns:zs="http://www.loc.gov/zing/srw/">
  <leader>00643cz  a2200157n  4500</leader>
  <controlfield tag="001">n  91072634 </controlfield>
  <controlfield tag="003">DLC</controlfield>
  <controlfield tag="005">20010124070332.0</controlfield>
  <controlfield tag="008">910723n| acannaabn          |n aaa      </controlfield>
  <datafield tag="010" ind1=" " ind2=" ">
    <subfield code="a">n  91072634 </subfield>
  </datafield>
  <datafield tag="035" ind1=" " ind2=" ">
    <subfield code="a">(OCoLC)oca02987463</subfield>
  </datafield>
  <datafield tag="040" ind1=" " ind2=" ">
    <subfield code="a">DLC</subfield>
    <subfield code="c">DLC</subfield>
    <subfield code="d">NBL</subfield>
  </datafield>
  <datafield tag="100" ind1="1" ind2=" ">
    <subfield code="a">Sik, Endre,</subfield>
    <subfield code="d">1948-</subfield>
  </datafield>
  <datafield tag="670" ind1=" " ind2=" ">
    <subfield code="a">His Az "örök" kaláka, c1988:</subfield>
    <subfield code="b">t.p. (Sik Endre)</subfield>
  </datafield>
  <datafield tag="670" ind1=" " ind2=" ">
    <subfield code="a">Magy. nemz. bibl., 1988:</subfield>
    <subfield code="b">Index (#7100: Sik Endre, b. 1948)</subfield>
  </datafield>
  <datafield tag="670" ind1=" " ind2=" ">
    <subfield code="a">Refugees and migrants, 1995:</subfield>
    <subfield code="b">verso t.p. (Endre Sik) p. 256 (Sik, Endre, Ph.D.; Prof., Dept. of Human Resources, Budapest Univ. of Economics; Research fellow, Inst. of Pol. Sci., Hung. Acad. of Sciences)</subfield>
  </datafield>
</record>